<?xml version="1.0" encoding="UTF-8"?><collection xmlns="http://www.loc.gov/MARC21/slim"><record><leader>00389nam--2200133-i-4500</leader><controlfield tag="001">000040460</controlfield><controlfield tag="002">20161230</controlfield><controlfield tag="005">20161230201042</controlfield><controlfield tag="008">060222s1000------------r-----000-0-eng-d</controlfield><datafield ind1=" " ind2=" " tag="100"><subfield code="a">Ryschkewitsch, George E</subfield></datafield><datafield ind1=" " ind2=" " tag="245"><subfield code="a">Chemical bonding and the geometry of molecules</subfield></datafield><datafield ind1=" " ind2=" " tag="260"><subfield code="a">New York, Reinhold Publ.Corp., 1963, Ix + 116p</subfield></datafield><datafield ind1=" " ind2=" " tag="490"><subfield code="a">Selected Topics In Modern Chemistry</subfield></datafield><datafield ind1=" " ind2=" " tag="852"><subfield code="a">18481</subfield></datafield></record></collection>